@article{hauck2013curious,
  title={The curious case of Mercury's internal structure},
  author={Hauck, Steven A and Margot, Jean-Luc and Solomon, Sean C and Phillips, Roger J and Johnson, Catherine L and Lemoine, Frank G and Mazarico, Erwan and McCoy, Timothy J and Padovan, Sebastiano and Peale, Stanton J and others},
  journal={Journal of Geophysical Research: Planets},
  volume={118},
  number={6},
  pages={1204--1220},
  year={2013},
  publisher={Wiley Online Library}
}

@article{nimmo2004depth,
  title={Depth of faulting on Mercury: Implications for heat flux and crustal and effective elastic thickness},
  author={Nimmo, F and Watters, TR},
  journal={Geophysical research letters},
  volume={31},
  number={2},
  year={2004},
  publisher={Wiley Online Library}
}
